
@misc{Amazon,
howpublished={https://aws.amazon.com/ec2/},
author={{Amazon.com}},
title={{Amazon Elastic Compute Cloud (EC2)}},
year={2011},
month={November 20,}
}

@misc{Golem:Amazon:1,
howpublished={http://www.golem.de/1104/83140.html},
author={Golem.de},
title={{EC2 und RDS: Amazon erkl√§rt Ausfall seiner Cloud-Server}},
year={2011},
month={November 20,}
}

@misc{Golem:Amazon:2,
howpublished={http://www.golem.de/1108/85549.html},
author={Golem.de},
title={{Cloud Computing: Blitzeinschlag macht Amazon und Microsoft Probleme}},
year={2011},
month={November 20,}
}

@misc{Rackspace,
howpublished={http://www.rackspace.com/cloud/cloud\_hosting\_products/servers/pricing/},
author={Rackspace},
title={{Cloud Servers Pricing by Rackspace Cloud Computing and Hosting}},
year={2011},
month={November 20,}
}

@misc{PCI,
howpublished={https://en.wikipedia.org/wiki/Payment\_Card\_Industry\_Data\_Security\_Standard},
author={Wikipedia},
title={{Payment Card Industry Data Security Standard}},
year={2011},
month={November 20,}
}

@misc{PCI:Costs,
howpublished={http://pci.usd.de/en/service\_scan},
author={usd},
title={{usd PCI DSS Plattform | External PCI DSS Security Scans}},
year={2011},
month={November 20,}
}

@misc{d1,
howpublished={http://www.top1001.at/showCompany.aspx?id=11374},
author={Top1001},
year={2011},
month={November 22,}
}

@misc{d2,
howpublished={http://www.wiwo.de/unternehmen/teamprofil-paysafecard/4757148.html},
author={WiWo},
year={2011},
month={November 22,}
}

@misc{d3,
howpublished={http://investor.ebayinc.com/common/download/download.cfm?companyid=ebay \\
\&fileid=361552\&filekey=b45137ee-aa41-4c2c-94ca-d72d5b0844be\&filename= \\
eBay\_77655\_BANNERLESS.pdf},
author={eBay},
year={2011},
month={November 22,}
}

@misc{d4,
howpublished={http://www.heise.de/newsticker/meldung/PayPal-Umsatz-soll-sich-bis-2013-verdoppeln-1188325.html},
author={Heise},
year={2011},
month={November 22,}
}

@misc{d5,
howpublished={http://www.bloomberg.com/news/2011-02-10/paypal-revenue-will-double-by-2013-ebay-chief-executive-john-donahoe-says.html},
author={Bloomberg},
year={2011},
month={November 22,}
}

@misc{da1,
howpublished={http://www.europeanpaymentscouncil.eu/article\_preview.cfm?articles\_uuid=BCFC9AFD-BDA2-FC9C-B434859EC6A9CC95},
author={European Payment Council},
year={2011},
month={November 22,}
}

@misc{da2,
howpublished={http://digitalmedia.strategyeye.com/article/sKNP15UxWnA/2011/01/27/ \\
europen\_micropayments\_market\_to\_hit\_usd20bn/?nsl=molKLbkUUiv6},
author={Digital Media},
year={2011},
month={November 22,}
}

@misc{da3,
howpublished={http://www.hi-media.de/presse.html?task=get\_details\&news\_id=141},
author={Hi Media},
year={2011},
month={November 22,}
}

@misc{dk1,
howpublished={https://www.ebundesanzeiger.de},
author={Bundesanzeiger},
year={2011},
month={November 22,}
}



